%YAML 1.1
%TAG !u! tag:unity3d.com,2011:
--- !u!1 &139910
GameObject:
  m_ObjectHideFlags: 0
  m_PrefabParentObject: {fileID: 0}
  m_PrefabInternal: {fileID: 100100000}
  serializedVersion: 4
  m_Component:
  - 4: {fileID: 417372}
  - 212: {fileID: 21232230}
  - 50: {fileID: 5039074}
  - 61: {fileID: 6192250}
  - 114: {fileID: 11421964}
  m_Layer: 10
  m_Name: SlowEnemy
  m_TagString: ENEMY
  m_Icon: {fileID: 0}
  m_NavMeshLayer: 0
  m_StaticEditorFlags: 0
  m_IsActive: 1
--- !u!4 &417372
Transform:
  m_ObjectHideFlags: 1
  m_PrefabParentObject: {fileID: 0}
  m_PrefabInternal: {fileID: 100100000}
  m_GameObject: {fileID: 139910}
  m_LocalRotation: {x: 0, y: 0, z: 0, w: 1}
  m_LocalPosition: {x: 0, y: 0, z: 0}
  m_LocalScale: {x: 2, y: 2, z: 1}
  m_Children: []
  m_Father: {fileID: 0}
  m_RootOrder: 0
--- !u!50 &5039074
Rigidbody2D:
  serializedVersion: 2
  m_ObjectHideFlags: 1
  m_PrefabParentObject: {fileID: 0}
  m_PrefabInternal: {fileID: 100100000}
  m_GameObject: {fileID: 139910}
  m_UseAutoMass: 0
  m_Mass: 10
  m_LinearDrag: 0
  m_AngularDrag: 0
  m_GravityScale: 0
  m_IsKinematic: 0
  m_Interpolate: 0
  m_SleepingMode: 1
  m_CollisionDetection: 0
  m_Constraints: 0
--- !u!61 &6192250
BoxCollider2D:
  m_ObjectHideFlags: 1
  m_PrefabParentObject: {fileID: 0}
  m_PrefabInternal: {fileID: 100100000}
  m_GameObject: {fileID: 139910}
  m_Enabled: 1
  m_Density: 1
  m_Material: {fileID: 0}
  m_IsTrigger: 0
  m_UsedByEffector: 0
  m_Offset: {x: 0, y: 0}
  serializedVersion: 2
  m_Size: {x: 4.35, y: 3.35}
--- !u!114 &11421964
MonoBehaviour:
  m_ObjectHideFlags: 1
  m_PrefabParentObject: {fileID: 0}
  m_PrefabInternal: {fileID: 100100000}
  m_GameObject: {fileID: 139910}
  m_Enabled: 1
  m_EditorHideFlags: 0
  m_Script: {fileID: 11500000, guid: 9ff73ac481190497ea0b4a4fd1415157, type: 3}
  m_Name: 
  m_EditorClassIdentifier: 
  wake: {fileID: 8300000, guid: 270d2787957b24e65a9e7d03d1a1a5be, type: 3}
  die: {fileID: 8300000, guid: c32628e7cebb44ba1896f7bfd8c41018, type: 3}
  MaxHealth: 20
  Damage: 1000
  MaxSpeed: 20
  destroy: 0
--- !u!212 &21232230
SpriteRenderer:
  m_ObjectHideFlags: 1
  m_PrefabParentObject: {fileID: 0}
  m_PrefabInternal: {fileID: 100100000}
  m_GameObject: {fileID: 139910}
  m_Enabled: 1
  m_CastShadows: 0
  m_ReceiveShadows: 0
  m_Materials:
  - {fileID: 10754, guid: 0000000000000000e000000000000000, type: 0}
  m_SubsetIndices: 
  m_StaticBatchRoot: {fileID: 0}
  m_UseLightProbes: 0
  m_ReflectionProbeUsage: 0
  m_ProbeAnchor: {fileID: 0}
  m_ScaleInLightmap: 1
  m_PreserveUVs: 0
  m_IgnoreNormalsForChartDetection: 0
  m_ImportantGI: 0
  m_MinimumChartSize: 4
  m_AutoUVMaxDistance: 0.5
  m_AutoUVMaxAngle: 89
  m_LightmapParameters: {fileID: 0}
  m_SortingLayerID: -1267354641
  m_SortingOrder: 0
  m_Sprite: {fileID: 21300000, guid: fc47a48f52d094e96911fc6658d466c3, type: 3}
  m_Color: {r: 1, g: 1, b: 1, a: 1}
  m_FlipX: 0
  m_FlipY: 0
--- !u!1001 &100100000
Prefab:
  m_ObjectHideFlags: 1
  serializedVersion: 2
  m_Modification:
    m_TransformParent: {fileID: 0}
    m_Modifications:
    - target: {fileID: 0}
      propertyPath: m_TagString
      value: ENEMY
      objectReference: {fileID: 0}
    - target: {fileID: 0}
      propertyPath: MaxSpeed
      value: 20
      objectReference: {fileID: 0}
    - target: {fileID: 0}
      propertyPath: Health
      value: 500
      objectReference: {fileID: 0}
    - target: {fileID: 0}
      propertyPath: Damage
      value: 1000
      objectReference: {fileID: 0}
    - target: {fileID: 0}
      propertyPath: clip
      value: 
      objectReference: {fileID: 8300000, guid: 270d2787957b24e65a9e7d03d1a1a5be, type: 3}
    - target: {fileID: 0}
      propertyPath: m_Enabled
      value: 0
      objectReference: {fileID: 0}
    - target: {fileID: 0}
      propertyPath: m_Name
      value: FastEnemy
      objectReference: {fileID: 0}
    - target: {fileID: 0}
      propertyPath: wake
      value: 
      objectReference: {fileID: 8300000, guid: 270d2787957b24e65a9e7d03d1a1a5be, type: 3}
    - target: {fileID: 0}
      propertyPath: die
      value: 
      objectReference: {fileID: 8300000, guid: c32628e7cebb44ba1896f7bfd8c41018, type: 3}
    - target: {fileID: 0}
      propertyPath: m_Sprite
      value: 
      objectReference: {fileID: 21300000, guid: fc47a48f52d094e96911fc6658d466c3,
        type: 3}
    - target: {fileID: 0}
      propertyPath: m_LocalScale.x
      value: 2
      objectReference: {fileID: 0}
    - target: {fileID: 0}
      propertyPath: m_LocalScale.y
      value: 2
      objectReference: {fileID: 0}
    - target: {fileID: 0}
      propertyPath: m_Mass
      value: 10
      objectReference: {fileID: 0}
    - target: {fileID: 0}
      propertyPath: MaxHealth
      value: 20
      objectReference: {fileID: 0}
    m_RemovedComponents: []
  m_ParentPrefab: {fileID: 0}
  m_RootGameObject: {fileID: 139910}
  m_IsPrefabParent: 1
